<collection xmlns="http://www.loc.gov/MARC21/slim">
<record>
  <leader>01335nam0a2200265 i 450 </leader>
  <controlfield tag="001">IT\ICCU\CNCE\052145</controlfield>
  <controlfield tag="005">20160318000000.0</controlfield>
  <datafield tag="012" ind1=" " ind2=" ">
    <subfield code="a">o.lo taa, a;ra a;ra (C) 1579 (R)</subfield>
    <subfield code="2">fei</subfield>
  </datafield>
  <datafield tag="100" ind1=" " ind2=" ">
    <subfield code="a">20010713d1579        0itac0103    ba</subfield>
  </datafield>
  <datafield tag="101" ind1=" " ind2=" ">
    <subfield code="a">ITA</subfield>
  </datafield>
  <datafield tag="102" ind1=" " ind2=" ">
    <subfield code="a">IT</subfield>
  </datafield>
  <datafield tag="200" ind1="1" ind2=" ">
    <subfield code="a">Stanze in dispregio delle sberrettate. Del Lasca</subfield>
  </datafield>
  <datafield tag="210" ind1=" " ind2=" ">
    <subfield code="a">In Firenze</subfield>
    <subfield code="c">a distanza di Francesco Dini da Colle</subfield>
    <subfield code="d">1579</subfield>
  </datafield>
  <datafield tag="215" ind1=" " ind2=" ">
    <subfield code="a">\4! c.</subfield>
    <subfield code="d">4ʻ</subfield>
  </datafield>
  <datafield tag="620" ind1=" " ind2=" ">
    <subfield code="a">IT</subfield>
    <subfield code="d">Firenze</subfield>
  </datafield>
  <datafield tag="700" ind1=" " ind2="1">
    <subfield code="a">Grazzini,</subfield>
    <subfield code="b">Antonfrancesco</subfield>
    <subfield code="3">IT\ICCU\CNCA\006276</subfield>
  </datafield>
  <datafield tag="712" ind1="0" ind2="0">
    <subfield code="a">Dini, Francesco</subfield>
    <subfield code="3">IT\ICCU\CNCT\000808</subfield>
    <subfield code="4">650</subfield>
  </datafield>
  <datafield tag="790" ind1=" " ind2="0">
    <subfield code="a">℗Il ℗Lasca</subfield>
    <subfield code="3">IT\ICCU\CNCA\014467</subfield>
    <subfield code="z">Grazzini, Antonfrancesco</subfield>
  </datafield>
  <datafield tag="790" ind1=" " ind2="0">
    <subfield code="a">Niccodemo</subfield>
    <subfield code="c"> : dalla#Pietra al Migliaio</subfield>
    <subfield code="3">IT\ICCU\CNCA\014752</subfield>
    <subfield code="z">Grazzini, Antonfrancesco</subfield>
  </datafield>
  <datafield tag="801" ind1=" " ind2="3">
    <subfield code="a">IT</subfield>
    <subfield code="b">ICCU</subfield>
    <subfield code="c">20201115</subfield>
  </datafield>
  <datafield tag="899" ind1=" " ind2=" ">
    <subfield code="a">Archivio storico civico e Biblioteca Trivulziana. Milano</subfield>
    <subfield code="1">MI0327</subfield>
    <subfield code="2">LO1 13</subfield>
  </datafield>
  <datafield tag="899" ind1=" " ind2=" ">
    <subfield code="a">Biblioteca di filosofia dell&apos;Universit ̉degli studi di Roma La Sapienza. Roma</subfield>
    <subfield code="1">RM0989</subfield>
    <subfield code="2">RMS 2L</subfield>
  </datafield>
  <datafield tag="899" ind1=" " ind2=" ">
    <subfield code="a">Biblioteca nazionale Marciana. Venezia</subfield>
    <subfield code="z">MUTILO</subfield>
    <subfield code="1">VE0049</subfield>
    <subfield code="2">VEA BM</subfield>
  </datafield>
  <datafield tag="911" ind1=" " ind2=" ">
    <subfield code="a">Sul front.</subfield>
    <subfield code="9">IT\ICCU\CNCM\001028</subfield>
  </datafield>
  <datafield tag="921" ind1=" " ind2=" ">
    <subfield code="a">IT\ICCU\CNCM\001028</subfield>
    <subfield code="b">Tempo (vecchio barbuto e alato che si appoggia con le mani a un sostegno a rotelle). In basso una clessidra</subfield>
    <subfield code="e">Omnia tempus habent</subfield>
    <subfield code="c">V79</subfield>
    <subfield code="d">Dimensioni: 6 x 7,3. Con o senza motto</subfield>
    <subfield code="f">OMNIATEMPU</subfield>
    <subfield code="f">TEMPO</subfield>
    <subfield code="f">VECCHIO</subfield>
    <subfield code="g">1561-1579</subfield>
  </datafield>
</record>
</collection>
